@ARTICLE{7807196,
  author={Satyanarayanan, Mahadev},
  journal={Computer}, 
  title={The Emergence of Edge Computing}, 
  year={2017},
  volume={50},
  number={1},
  pages={30-39},
  keywords={Investments;Edge computing;Cloud computing;Augmented reality;Internet of things;Computer vision;Content management;Data analysis;cloud;mobile;cloudlets;networking;edge computing;fog computing;augmented reality;AR;virtual reality;VR;Internet of Things;IoT;pervasive computing;computer vision;data analytics;content delivery networks;security;privacy;telecommunications;cognitive assistance;GigaSight;Outlook},
  doi={10.1109/MC.2017.9}
}

@ARTICLE{8016573,
  author={Mao, Yuyi and You, Changsheng and Zhang, Jun and Huang, Kaibin and Letaief, Khaled B.},
  journal={IEEE Communications Surveys \& Tutorials}, 
  title={A Survey on Mobile Edge Computing: The Communication Perspective}, 
  year={2017},
  volume={19},
  number={4},
  pages={2322-2358},
  keywords={Cloud computing;Edge computing;5G mobile communication;Mobile computing;Wireless communication;Mobile edge computing;fog computing;mobile cloud computing;computation offloading;resource management;green computing},
  doi={10.1109/COMST.2017.2745201}
}


@ARTICLE{7762913,
  author={You, Changsheng and Huang, Kaibin and Chae, Hyukjin and Kim, Byoung-Hoon},
  journal={IEEE Transactions on Wireless Communications}, 
  title={Energy-Efficient Resource Allocation for Mobile-Edge Computation Offloading}, 
  year={2017},
  volume={16},
  number={3},
  pages={1397-1411},
  keywords={Mobile communication;Resource management;Time division multiple access;Cloud computing;Energy consumption;Computational modeling;Wireless communication;Mobile-edge computing;resource allocation;mobile computation offloading;energy-efficient computing},
  doi={10.1109/TWC.2016.2633522}
}
  
  @ARTICLE{9319727,
  author={Chen, Xing and Liu, Guizhong},
  journal={IEEE Internet of Things Journal}, 
  title={Energy-Efficient Task Offloading and Resource Allocation via Deep Reinforcement Learning for Augmented Reality in Mobile Edge Networks}, 
  year={2021},
  volume={8},
  number={13},
  pages={10843-10856},
  keywords={Task analysis;Servers;Optimization;Resource management;Energy consumption;Computational modeling;Heuristic algorithms;Augmented reality (AR);deep reinforcement learning;Internet of Things (IoT);mobile-edge computing (MEC);multiagent deep deterministic policy gradient (MADDPG);resource allocation;task offloading},
  doi={10.1109/JIOT.2021.3050804}
}


@article{1998Reinforcement,
  title={Reinforcement Learning: An Introduction},
  author={ Sutton, Richard S.  and  Barto, Andrew G. },
  journal={IEEE Transactions on Neural Networks},
  volume={9},
  number={5},
  pages={1054},
  year={1998},
}

@ARTICLE{9310745,
  author={Nath, Samrat and Wu, Jingxian},
  journal={Intelligent and Converged Networks}, 
  title={Deep reinforcement learning for dynamic computation offloading and resource allocation in cache-assisted mobile edge computing systems}, 
  year={2020},
  volume={1},
  number={2},
  pages={181-198},
  keywords={Task analysis;Servers;Resource management;Dynamic scheduling;Reinforcement learning;Heuristic algorithms;Delays;Mobile Edge Computing (MEC);caching;computation offloading;resource allocation;Deep Reinforcement Learning (DRL);Deep Deterministic Policy Gradient (DDPG);multi-cell},
  doi={10.23919/ICN.2020.0014}
}

@article{zhang2023clustering,
  title={A Clustering Offloading Decision Method for Edge Computing Tasks Based on Deep Reinforcement Learning},
  author={Zhang, Z. and Li, H. and Tang, Z. and Gu, D. and Zhang, J.},
  journal={New Generation Computing},
  volume={41},
  pages={85--108},
  year={2023},
  publisher={Springer Japan},
  doi={10.1007/s00354-022-00199-7},
  url={https://doi.org/10.1007/s00354-022-00199-7}
}

@ARTICLE{9485089,
  author={Huang, Xiaoyan and Leng, Supeng and Maharjan, Sabita and Zhang, Yan},
  journal={IEEE Transactions on Vehicular Technology}, 
  title={Multi-Agent Deep Reinforcement Learning for Computation Offloading and Interference Coordination in Small Cell Networks}, 
  year={2021},
  volume={70},
  number={9},
  pages={9282-9293},
  keywords={Task analysis;Resource management;Microcell networks;Computational modeling;Servers;Interference;Reinforcement learning;Mobile edge computing;small cell networks;multi-agent deep reinforcement learning;computation offloading;interference coordination},
  doi={10.1109/TVT.2021.3096928}
}

@ARTICLE{9126253,
  author={Zhang, Ran and Yu, F. Richard and Liu, Jiang and Huang, Tao and Liu, Yunjie},
  journal={IEEE Transactions on Wireless Communications}, 
  title={Deep Reinforcement Learning (DRL)-Based Device-to-Device (D2D) Caching With Blockchain and Mobile Edge Computing}, 
  year={2020},
  volume={19},
  number={10},
  pages={6469-6485},
  keywords={Device-to-device communication;Smart contracts;Consensus protocol;Streaming media;Wireless communication;Reinforcement learning;Blockchain;smart contract;caching;D2D;MEC;deep reinforcement learning},
  doi={10.1109/TWC.2020.3003454}
}

@ARTICLE{9477423,
  author={Hou, Wenjing and Wen, Hong and Song, Huanhuan and Lei, Wenxin and Zhang, Wei},
  journal={IEEE Internet of Things Journal}, 
  title={Multiagent Deep Reinforcement Learning for Task Offloading and Resource Allocation in Cybertwin-Based Networks}, 
  year={2021},
  volume={8},
  number={22},
  pages={16256-16268},
  keywords={Task analysis;Cloud computing;Resource management;Computational modeling;Edge computing;Servers;Collaborative work;Cybertwin;deep reinforcement learning (RL);edge computing;federated learning (FL);resource allocation;task offloading},
  doi={10.1109/JIOT.2021.3095677}
}

